1965 2718
187 61 33 19 Preis
225 61 12 19 10
242 61 36 19 Rpf.,
279 61 58 19 auswärts
343 61 12 19 15
360 61 32 19 Rpf.

305 176 28 170 ]

448 77 389 53 DRESDNER
904 71 675 55 MORGENZEITUNG

1041 175 179 164 itg

700 174 134 163 ei

1442 163 60 175 n

389 417 154 28 AMTLICHE
566 417 198 28 GAUZEITUNG
787 416 51 28 DER
860 414 118 29 NSDAP.

1086 414 176 28 AMTLICHES
1284 414 96 28 BLATT
1398 413 53 28 DER
1479 410 160 30 BEHÖRDEN

1727 164 59 193 J

204 474 45 28 Nr.
260 473 17 26 1.
300 473 35 26 12.
342 473 119 28 Jahrgang

1490 465 158 25 Donnerstag,
1667 465 19 25 1.
1696 464 84 26 Januar
1794 463 51 26 1942

261 576 133 116 Zur
437 573 506 118 Vollendung
1008 572 147 117 des
1213 565 541 122 Begonnenen

189 752 280 115 Aufruf
512 749 147 113 des
701 746 330 114 Führers
1087 744 127 112 zur
1242 742 605 113 Jahreswende

247 927 94 36 Adolf
351 926 96 36 Hitler
458 925 33 35 an
515 925 48 35 die
579 922 226 37 Wehrmacht,
814 921 112 36 Göring
946 921 33 35 an
1001 920 48 35 die
1063 919 162 36 Luftwaffe
1241 918 59 35 und
1320 918 121 35 Raeder
1456 917 28 35 an
1509 917 48 35 die
1572 916 233 35 Kriegsmarine

194 1000 296 64 Sieghafter
521 998 199 63 Kampf
743 997 90 62 vom
895 994 171 63 Kanal
1082 993 82 62 bis
1199 990 234 64 Ostasien

1119 1065 112 23 Dresden,
1237 1065 29 23 31.
1272 1063 82 24 Dezember
1365 1062 36 24 1941

290 1100 17 23 In
322 1099 147 23 unerschütterlichem
489 1098 85 23 Vertrauen
590 1098 29 23 auf
631 1097 46 23 Adolf
690 1097 52 23 Hitler
754 1096 37 23 tritt
804 1096 26 23 das
846 1095 63 23 deutsche
924 1095 37 23 Volk
973 1095 17 23 in
1005 1094 31 23 das
1051 1094 40 23 neue
1107 1092 103 24 Kriegsjahr.
1224 1092 28 23 Der
1268 1091 57 23 Führer
1342 1090 44 23 erließ
1404 1090 26 23 zur

213 1128 112 24 Jahreswende
336 1127 43 23 einen
393 1126 68 23 Aufruf,
467 1125 27 23 der
505 1125 55 23 erfüllt
567 1124 20 23 ist
597 1124 32 23 von
639 1123 26 23 der
676 1122 91 24 Zuversicht,
770 1122 29 23 daß
812 1121 49 23 Front
868 1121 33 23 und
908 1120 63 23 Heimat
981 1120 33 23 auch
1030 1119 23 23 die
1061 1118 124 24 bevorstehenden
1199 1117 91 23 gewaltigen
1302 1116 125 24 Anforderungen

212 1154 62 24 erfüllen
290 1153 71 24 werden.
372 1152 42 23 Dann
427 1152 29 23 soll
469 1151 26 23 das
514 1151 39 23 Jahr
566 1150 39 23 1942
620 1150 24 23 die
659 1148 106 24 Entscheidung
781 1147 61 23 bringen
857 1147 26 23 zur
896 1146 99 24 endgültigen
1012 1145 83 24 Sicherung
1105 1144 62 23 unseres
1181 1144 51 23 Volkes
1243 1143 30 23 und
1286 1143 23 23 der
1320 1143 27 23 mit
1357 1142 29 23 uns
1396 1142 27 23 ver

211 1181 75 24 bindeten
299 1180 91 24 Nationen.
400 1180 16 23 In
432 1179 41 23 einem
495 1178 103 24 Tagesbefehl
609 1177 19 23 an
644 1177 25 23 die
680 1176 97 24 Wehrmacht
789 1175 57 24 erklärt
857 1174 25 23 der
895 1174 59 24 Führer
966 1173 31 23 und
1010 1172 65 24 Oberste
1085 1171 121 24 Befehlshaber,
1214 1171 26 23 daß
1253 1170 53 24 unsere
1320 1169 71 24 Soldaten
1407 1168 23 23 die

212 1207 57 24 Feinde
282 1207 15 23 so
310 1206 46 24 lange
366 1205 65 24 schlagen
447 1205 69 24 werden,
524 1204 25 23 bis
565 1204 23 23 der
605 1202 156 25 Vernichtungswille
771 1202 26 23 der
806 1200 182 25 jüdisch-kapitalistischen
1002 1199 34 23 und
1047 1198 130 25 bolschewistischen
1194 1197 43 24 Welt
1246 1196 77 24 gebrochen
1336 1195 29 23 ist.
1371 1195 62 24 Reichs-

211 1233 79 24 marschall
301 1232 76 24 Hermann
394 1231 57 24 Göring
465 1231 51 24 richtet
525 1230 91 24 gleichzeitig
631 1229 41 23 einen
689 1228 101 24 Tagesbefehl
799 1227 17 23 an
827 1227 25 23 die
860 1226 84 24 Luftwaffe
952 1226 31 23 und
995 1224 113 24 Großadmiral
1117 1224 59 24 Raeder
1185 1223 44 24 einen
1240 1222 53 24 solchen
1306 1222 17 23 an
1334 1221 25 23 die
1369 1221 65 24 Kriegs-

212 1262 71 23 marine.
292 1262 17 22 In
325 1261 41 23 einem
383 1260 71 23 weiteren
470 1259 60 23 Aufruf
538 1258 60 23 fordert
609 1258 27 23 der
648 1256 135 24 Reichsmarschall
790 1256 24 23 die
827 1255 62 23 Heimat
900 1254 37 23 auf,
944 1254 41 23 ihren
1003 1253 44 23 Dani
1055 1253 17 22 an
1085 1252 23 22 die
1119 1251 94 23 Wehrmacht
1219 1251 17 22 in
1246 1250 63 23 weitere
1319 1250 70 23 Leistung
1399 1249 31 23 und

212 1290 84 23 selbstlosen
312 1289 57 22 Einsatz
380 1287 115 23 umzuformen.
501 1286 38 22 Noch
554 1285 43 22 enger
610 1285 20 21 um
652 1284 24 22 den
692 1283 57 22 Führer
762 1282 81 22 geschlossen
858 1281 53 22 wollen
926 1281 31 22 wir
967 1280 24 21 die
1003 1280 49 22 letzten
1067 1279 81 22 Bastionen
1162 1279 24 21 des
1202 1278 64 22 Feindes
1275 1277 76 22 nehmen.

621 1325 15 20 au
648 1324 78 21 kommen,
731 1323 73 21 scheiterte
811 1322 37 20 teils
860 1322 16 20 am
894 1321 29 20 Haß
937 1319 95 21 derjenigen,

223 1331 30 20 Der
268 1331 26 20 vom
320 1330 58 21 Fihrer
395 1329 27 21 aus
440 1328 23 21 dem
488 1323 116 24 Führerhaupt-

621 1342 25 19 die
657 1342 15 19 im
693 1341 46 20 neuen
758 1340 95 20 Deutschland
867 1339 22 19 ein
904 1339 43 20 böses
959 1338 70 20 Beifptel

195 1348 70 21 quartier
280 1347 26 20 zum
328 1346 118 21 Jahreswechsel
461 1345 70 21 erlaffene
547 1344 57 20 Aufruf

623 1359 25 20 des
662 1358 64 20 sosialen
746 1357 94 20 Fortschritts
853 1356 55 20 sahen,
917 1356 35 20 teils
967 1356 16 20 an
1004 1355 23 20 der

196 1368 60 20 lautet:

623 1377 66 19 Habgier
702 1377 50 19 jener,
761 1377 24 19 die
796 1376 22 19 sich
832 1376 27 19 von
875 1375 24 20 der
913 1373 67 21 Rüstung
996 1372 25 20 zum

214 1388 89 22 „Deutsches
317 1387 47 21 Volk!

623 1395 44 19 Krieg
682 1395 66 19 größere
762 1394 73 20 Gewinne
850 1393 91 20 versprachen
960 1392 24 20 al8
999 1391 26 20 von

215 1409 169 22 Nattonalsosialisten,
390 1405 199 25 Nationalfozialistinnen!

624 1413 24 19 der
663 1413 51 19 Arbeit
728 1412 23 19 des
768 1411 83 20 Friedens.
862 1411 19 19 E8
895 1411 32 19 gibt
938 1410 50 20 keinen
1004 1409 24 19 der

216 1428 131 20 Parteigenoffen!

621 1429 81 19 führenden
720 1429 121 20 Staatsmänner
853 1428 12 19 in
882 1428 22 19 den
921 1426 77 20 Ländern,
1005 1426 24 20 dte

621 1447 27 20 für
661 1447 22 19 den
701 1447 75 19 Ausbruch
791 1447 25 20 des
830 1446 63 20 Krieges
907 1444 121 21 verantwortlich

226 1449 27 20 Als
270 1449 17 20 am
309 1449 15 20 3.
336 1448 89 21 September
440 1447 33 21 1939
491 1446 67 21 England
574 1445 29 21 und

624 1466 59 20 waren,
701 1465 24 20 der
747 1465 24 20 al8
794 1464 69 20 Inhaber
885 1464 22 20 der
929 1463 49 20 Aktien
1005 1462 24 20 der

198 1469 88 20 Frankreich
303 1469 25 20 dem
352 1468 50 20 Reiche
419 1467 24 20 den
464 1466 43 20 Krieg
524 1463 86 22 erflärten,

625 1482 154 20 Rüstungsindustrie
787 1482 37 20 nicht
833 1482 62 20 zugleich
907 1481 20 20 ein
939 1480 90 21 Nutznießer

196 1487 56 21 geschaß
265 1487 18 20 es
295 1486 45 21 nicht,
347 1486 19 20 um
384 1484 97 21 irgendeiner
493 1483 27 20 von
537 1482 68 21 Deutsch-

624 1501 29 20 und
670 1500 62 20 deshalb
750 1499 136 21 Hauptinteressent
899 1498 17 20 am
939 1498 53 20 Kriege
1009 1498 25 20 ist.

197 1504 36 20 land
246 1504 92 20 erhobenen,
345 1504 24 20 die
382 1503 66 20 Extstenz
459 1502 35 20 oder
503 1502 28 20 gar
542 1501 22 20 die
579 1500 29 20 Zu-

624 1519 33 20 Und
666 1518 52 20 hinter
730 1518 35 20 allen
780 1517 35 20 steht
825 1517 25 20 als
862 1516 76 21 treibende
950 1515 46 20 Kraft
1005 1515 25 20 der

197 1523 44 20 funft
257 1522 45 20 dieser
317 1521 62 20 Staaten
396 1520 102 21 bedrohenden
516 1518 88 21 Forderung

624 1536 61 20 jüdische
700 1536 78 20 Ahasver,
788 1535 25 20 der
825 1535 26 20 seit
868 1534 120 20 Jahrtausenden
1005 1534 25 20 der

197 1540 152 21 entgegenzutreten.
361 1539 39 20 Denn
419 1539 23 20 die
453 1537 58 21 einzige
525 1535 83 22 Aufforde-

624 1554 35 20 ewig
671 1554 53 20 gleiche
734 1553 48 20 Feind
791 1553 41 20 jeder
841 1552 99 20 menschlichen
953 1552 75 20 Ordnung

198 1558 49 20 rung,
255 1558 23 20 die
287 1558 19 20 ich
317 1557 40 20 Jahr
367 1557 27 20 für
406 1556 39 20 Jahr
456 1555 57 21 sowohl
523 1554 33 21 nach
569 1553 38 21 Lon-

624 1572 30 20 und
666 1571 47 20 damit
722 1571 41 20 einer
776 1570 57 20 wahren
846 1570 64 20 sozialen
926 1570 104 20 Gerechtigkeit

199 1576 25 20 don
237 1575 25 20 als
274 1575 31 20 auch
318 1574 33 20 nach
362 1574 47 20 Paris
419 1573 62 20 schickte,
487 1573 33 20 war
531 1572 23 20 die
565 1572 40 20 einer

623 1590 28 20 ist.
666 1590 30 20 Wie
713 1589 44 20 wenig
776 1589 79 20 berechtigt
868 1589 25 20 der
908 1588 64 20 Angriff
983 1588 43 20 gegen

199 1592 176 21 Rüstungsbegrenzung
397 1591 30 21 und
452 1590 39 21 einer
513 1588 94 22 Völferner-

627 1608 97 21 Deutschland
737 1607 40 20 war,
787 1607 36 20 geht
835 1607 31 20 auch
880 1606 61 20 deutlich
955 1606 30 20 aus
999 1606 24 20 dem

197 1610 99 22 ständigung.
311 1610 45 21 Allein
370 1609 41 21 teder
427 1609 63 21 deutsche
499 1609 72 21 Versuch,
579 1609 28 21 mit

626 1626 53 21 Fehlen
698 1625 42 21 jedes
759 1625 48 21 klaren
828 1624 124 21 Kriegsgrundes
971 1624 66 20 hervor.

199 1630 25 21 den
236 1629 60 21 damals
305 1628 82 22 führenden
400 1627 78 22 Männern
488 1626 16 21 zu
515 1625 42 21 einem
575 1625 34 21 ver-

199 1647 78 21 nünftigen
292 1647 83 22 friedlichen
390 1647 79 22 Ausgleich
482 1646 24 21 der
522 1645 82 22 Interessen
627 1645 24 22 den
664 1645 20 22 sie
693 1644 47 22 selber
752 1643 64 22 angeben
828 1642 72 22 fönnten.

1074 1319 41 19 Denn
1133 1319 50 19 warum
1207 1319 45 20 haben
1269 1318 20 20 sie
1306 1318 28 20 nun
1354 1315 94 21 Deutschland

1046 1337 31 19 1939
1091 1337 22 19 den
1128 1336 42 20 Krieg
1184 1336 65 20 erklärt?
1260 1335 48 20 „Weil
1316 1335 21 19 sie
1344 1335 12 19 in
1372 1334 40 20 einer
1423 1334 28 19 Art

1046 1354 26 19 von
1086 1354 38 19 Welt
1134 1354 38 19 nicht
1181 1353 40 19 leben
1237 1352 61 20 wollen,
1303 1352 28 19 wte
1342 1351 27 20 wir
1378 1351 21 19 sie
1408 1350 44 20 wün-

1047 1373 56 19 schen“,
1107 1372 73 20 plaudert
1189 1372 16 19 am
1225 1371 49 20 Kamin
1288 1371 25 20 der
1324 1370 54 20 gröste
1387 1369 64 20 Kriegs-

1044 1391 45 20 hetzer
1103 1391 62 20 unserer
1180 1390 41 20 Zeit,
1229 1390 38 20 Herr
1279 1389 88 20 Roosevelt.
1376 1388 32 20 Nun
1423 1388 26 19 hat

1047 1409 22 19 die
1078 1408 63 20 deutsche
1150 1408 40 20 Welt
1197 1407 28 20 mit
1235 1407 68 20 Amertka
1312 1407 14 19 so
1338 1406 45 20 wenig
1395 1406 14 19 zu
1421 1406 24 19 tun

1048 1427 27 19 wie
1088 1426 23 19 die
1122 1425 113 20 amerikanische
1246 1425 28 19 mit
1283 1424 40 20 un8.
1331 1424 53 20 Keinem
1405 1423 46 20 Men-

1046 1445 37 20 schen
1094 1445 40 20 wäre
1144 1445 14 20 es
1169 1443 100 20 eingefallen,
1274 1443 36 20 etwa
1322 1443 39 20 Frau
1372 1442 81 20 Roofevelt

1048 1463 99 20 einzuladen,
1152 1463 32 20 nach
1198 1462 71 20 deutscher
1280 1462 28 20 Art
1318 1461 15 20 zu
1345 1461 51 20 leben,
1404 1460 45 20 genau

1046 1482 15 20 so
1076 1481 29 20 wie
1116 1481 25 20 sich
1161 1481 28 20 das
1204 1480 63 20 deutsche
1282 1480 36 20 Volk
1336 1479 68 20 niemals
1424 1479 29 20 mit

1047 1498 122 20 amerikanischen
1187 1498 86 20 Prinzipien
1289 1497 34 20 oder
1336 1495 119 21 Lebensgrund-

1048 1517 43 22 fätzen
1101 1515 71 22 abfinden
1183 1515 48 20 wird.

1075 1537 40 20 Oder
1131 1537 59 21 stimmt
1205 1537 35 21 etwa
1261 1537 21 21 die
1300 1537 109 21 Behauptung,
1423 1537 23 21 daß

1050 1557 68 21 England
1130 1557 29 20 und
1172 1556 86 20 Franfreich
1269 1555 29 20 uns
1310 1555 23 20 den
1350 1555 43 20 Krieg
1404 1555 49 20 erklä-

1049 1575 24 20 ren
1090 1575 68 20 mußten,
1165 1574 36 20 weil
1213 1574 26 20 wir
1253 1574 22 20 die
1288 1573 39 20 Welt
1338 1573 59 20 erobern
1412 1572 44 20 woll-

1048 1593 35 20 ten?
1097 1593 35 20 War
1146 1593 57 20 Danzig
1215 1593 23 20 die
1249 1592 49 20 Welt?
1310 1592 39 20 Aber
1361 1592 95 20 überhaupt:

1049 1612 29 20 wer
1088 1611 26 20 hat
1126 1611 33 20 denn
1175 1610 29 20 nun
1219 1610 22 20 die
1253 1610 41 20 Welt
1304 1609 69 20 erobert?
1387 1609 14 20 85
1415 1609 39 20 Mil-

1046 1629 52 20 lionen
1116 1628 76 20 Deutschen
1208 1628 52 20 wurde
1271 1627 39 20 nicht
1322 1626 58 20 einmal
1391 1626 20 20 ein
1429 1626 28 20 Le-

1047 1647 79 21 bensraum
1141 1646 25 20 von
1180 1646 45 20 knapp
1234 1645 25 20 500
1267 1645 22 20 000
1301 1644 150 20 Quadratfilometer

1047 1665 95 22 zugebilligt.
1156 1665 26 20 Die
1196 1664 26 20 von
1239 1663 60 20 unseren
1317 1663 84 20 Vorfahren
1417 1664 38 20 einst

1049 1684 39 20 durch
1101 1682 84 21 Verträge,
1193 1682 40 20 Kauf
1244 1681 34 20 oder
1292 1681 49 20 Tausch
1355 1681 96 20 erworbenen

1049 1701 73 20 Kolonien
1138 1700 59 20 wurden
1213 1700 44 20 unter
1272 1699 89 20 verlogenen
1379 1699 63 20 Vorwün

1049 1719 23 20 den
1090 1719 71 20 geraubt.
1172 1719 47 20 Allein
1235 1719 15 20 45
1268 1718 80 20 Millionen
1368 1717 84 21 Englünder

1049 1738 50 21 dürfen
1124 1737 14 20 40
1156 1736 82 21 Millionen
1257 1735 151 21 Quadratfilometer
1427 1736 26 20 der

1051 1756 38 20 Erde
1100 1755 90 21 beherrschen
1206 1755 29 20 und
1247 1754 43 20 haben
1307 1754 47 20 damit
1366 1754 26 20 das
1406 1753 52 20 Recht,

1049 1773 56 20 Völker
1117 1773 14 20 au
1148 1772 115 21 unterdrücken,
1273 1772 24 20 von
1314 1771 43 20 denen
1373 1770 42 20 allein
1430 1770 23 20 die

1049 1791 70 20 indischen
1131 1791 82 20 siebenmal
1225 1790 39 20 mehr
1275 1790 73 20 Menschen
1363 1789 59 20 zählen,
1430 1789 25 20 als

1051 1810 28 20 das
1088 1809 70 21 englische
1168 1808 95 20 Mutterland
1274 1808 43 20 selbst
1326 1808 90 20 Einwohner
1424 1808 34 20 hat.

1078 1828 47 20 Nein!
1137 1827 50 20 Dieser
1196 1827 44 20 Krieg
1252 1827 53 20 wurde
1313 1827 88 20 begonnen,
1406 1827 46 20 genau

1051 1846 29 20 wie
1090 1846 23 20 der
1125 1845 44 21 Krieg
1181 1845 15 20 25
1208 1844 49 21 Jahre
1268 1843 62 21 vorher,
1335 1843 42 20 durch
1387 1843 24 20 die
1421 1843 39 20 glei-

1051 1863 28 20 chen
1097 1863 65 20 Männer
1174 1862 29 20 und
1216 1862 29 20 aus
1260 1862 23 20 den
1297 1862 60 20 gleichen
1373 1862 83 20 Gründen!

1054 1881 27 20 Die
1093 1880 176 21 jüdisch-angelsächsische
1284 1880 170 20 Finanzverschwörung

1051 1900 57 21 fämpft
1120 1900 39 21 nicht
1170 1899 25 20 für
1207 1898 91 21 irgendeine
1310 1896 105 22 Demokratie,
1423 1896 23 20 son

1051 1919 35 21 dern
1099 1918 40 21 durch
1151 1918 23 21 die
1186 1917 97 21 Demokratie
1291 1916 26 21 für
1327 1916 33 21 ihre
1368 1915 92 21 kapitalisti-

1050 1935 37 21 schen
1100 1934 94 21 Interessen.
1197 1934 33 21 Und
1240 1934 40 21 Herr
1288 1934 81 21 Roosevelt
1375 1934 40 21 sucht
1420 1934 37 21 nicht

1173 1962 69 20 Forteetzur

263 1695 248 41 Planmäßiger
528 1694 136 41 Angriff
680 1693 58 40 auf
750 1691 225 42 Sewastopol

241 1740 57 24 Tiefer
308 1739 82 24 Einbruch
404 1739 15 24 in
433 1738 24 24 die
469 1738 43 24 stark
529 1737 114 25 gepanzerten
658 1736 119 25 sowjetischen
794 1734 203 25 Verteidigungsanlagen

218 1774 33 21 Ans
261 1774 24 21 dem
301 1772 189 23 Führerhauptquartier,
494 1772 24 21 31.
524 1770 83 22 Dezember

228 1798 33 20 Das
279 1796 130 21 Oberkommando
427 1796 25 20 der
470 1794 91 21 Wehrmacht
577 1793 32 20 gibt

199 1816 74 19 bekannt:
279 1816 51 19 Unter
341 1814 147 21 Zusammenfafsung
500 1813 37 20 aller
548 1813 26 20 auf
583 1812 24 20 der

200 1834 34 20 Krim
255 1833 99 20 verfügbaren
374 1832 70 20 deutschen
457 1832 31 20 und
506 1831 98 20 rumänischen

200 1851 52 20 Kräfte
265 1851 18 20 ist
299 1851 27 20 seit
339 1851 23 20 dem
390 1850 23 20 17.
427 1849 79 21 Dezember
524 1849 25 20 der
564 1848 33 20 plan

198 1870 61 20 mäßige
273 1869 61 20 Angriff
353 1869 27 20 auf
396 1868 23 20 die
432 1867 64 21 Festung
514 1866 94 21 Sewastopol

198 1888 15 20 im
234 1887 61 20 Gange.
310 1887 42 20 Trotz
361 1886 77 21 heftigster
452 1885 93 21 Gegenwehr
557 1884 51 20 wurde

198 1907 34 20 eine
242 1906 46 20 große
297 1905 38 20 Zahl
344 1905 23 20 der
377 1905 29 20 zum
419 1904 35 20 Teil
460 1904 38 20 stark
507 1902 99 21 gepanzerten

197 1924 98 20 fowjetischen
313 1922 169 21 Verteidigungslinien
502 1922 15 20 in
537 1920 69 21 schweren

203 1942 118 21 Einzelkämpfen
337 1940 86 21 genommen
436 1940 31 20 und
477 1939 38 20 tiefe
527 1938 82 21 Einbrüche

199 1961 15 20 in
230 1960 25 20 das
267 1959 77 21 feindliche
358 1958 127 21 Stellungssystem
504 1957 61 20 erzielt.
578 1957 31 20 Zur

203 1978 87 20 Entlastung
306 1978 25 20 der
344 1977 110 21 Verteidigung
471 1976 26 20 von
515 1974 96 21 Sewastopol

199 1997 26 20 hat
237 1996 25 20 der
276 1996 59 20 Gegner
350 1996 14 20 in
378 1995 25 20 den
414 1995 49 20 letzten
479 1994 50 20 Tagen
542 1993 28 20 auf
585 1993 25 20 der

200 2015 80 20 Halbinsel
296 2014 55 20 Kertsch
373 2014 29 20 und
422 2013 25 20 bei
463 2012 70 21 Feodosia
554 2011 54 21 wieder

200 2033 64 21 stärkere
282 2032 52 20 Kräfte
351 2031 77 20 gelandet.
448 2031 27 20 Die
493 2031 114 20 erforderlichen

202 2049 153 21 Gegenmaßnahmen
368 2049 30 20 sind
410 2049 96 21 eingeleitet.

229 2072 19 21 An
264 2071 76 21 mehreren
353 2070 65 21 anderen
433 2070 90 21 Abschnitten
542 2069 24 21 der
578 2069 26 21 Ost

199 2091 46 20 front
253 2091 26 20 kam
296 2091 14 20 es
320 2091 26 20 bei
354 2090 68 20 strengem
439 2089 44 20 Frost
493 2089 12 20 zi
522 2088 86 21 erbitterten

204 2109 143 20 Abwehrkämpfen.
362 2108 67 20 Schwere
441 2107 80 21 Artillerie
533 2107 28 20 des
574 2106 38 20 Hee-

201 2126 25 20 res
237 2127 39 20 nahm
290 2126 120 20 kriegswichtige
419 2126 69 20 Anlagen
497 2126 15 20 in
526 2124 84 21 Leningrad

201 2145 46 20 unter
259 2144 87 20 wirksames
358 2144 57 20 Feuer.
430 2144 27 20 Die
468 2142 80 21 Luftwaffe
559 2142 43 21 unter

201 2162 50 20 stützte
263 2162 27 20 vor
304 2162 36 20 allem
365 2162 14 20 im
399 2162 74 21 mittleren
491 2160 122 21 Frontabschnitt

202 2181 25 21 den
243 2181 115 21 Abwehrkampf
368 2182 26 20 des
406 2181 54 21 Heeres
472 2180 40 21 durch
524 2177 88 23 wirkungs-

202 2198 39 21 volle
260 2199 107 21 Tiefangriffe.
387 2199 22 20 An
425 2198 107 21 verschiedenen
551 2197 57 21 Stellen

202 2217 52 20 wurde
266 2217 28 20 zum
316 2217 62 20 Angriff
393 2216 114 21 bereitgestellte
521 2215 89 21 Infanterie

203 2236 29 20 und
244 2235 87 21 Kavallerie
342 2235 25 20 des
380 2234 66 21 Feindes
455 2233 46 20 unter
512 2233 46 20 hohen
573 2232 39 20 Ver-

202 2253 48 21 lusten
263 2253 102 21 zerschlagen.

233 2275 20 20 In
265 2275 89 20 Nordafrika
369 2274 94 21 erfolgreiche
474 2273 138 22 Gefechtstätigkeit

203 2294 15 20 im
234 2294 45 20 Raum
297 2293 69 20 ostwärts
378 2293 86 20 Agedabia.
474 2291 140 21 Bombenangriffe

203 2313 45 20 gegen
272 2310 204 22 Kraftfahrzeugkolonnen,
499 2308 117 21 Betriebsstoff-

204 2331 29 20 und
247 2330 75 20 Zeltlager
330 2330 25 20 der
365 2329 52 20 Briten
429 2329 12 20 in
455 2328 25 20 der
489 2327 83 21 Chrenaika
582 2326 31 20 und

205 2347 98 20 Marmarica
316 2346 42 20 riefen
372 2346 47 20 starke
428 2346 64 20 Brände
501 2346 65 20 hervor.
584 2346 31 20 Auf

204 2366 25 20 der
244 2366 44 20 Insel
299 2365 49 20 Malta
366 2365 59 20 wurden
446 2364 67 20 mehrere
527 2364 87 20 Flugplätze

204 2385 31 20 und
253 2384 55 20 andere
321 2383 95 20 militärische
431 2383 112 20 Einrichtungen
559 2383 54 20 erneut

205 2403 28 21 von
246 2402 71 21 deutschen
336 2401 143 21 Kampfflugzeugen
496 2401 103 21 angegriffen.

627 1771 59 20 Südlich
701 1771 26 20 von
745 1770 73 20 Agedabia
834 1770 39 20 nahm
895 1770 20 20 ein
931 1768 100 21 italienisches

628 1789 173 19 Erfundingsflugzeng
826 1789 24 19 den
871 1788 56 20 Kampf
949 1787 42 20 gegen
1013 1786 20 19 elf

625 1807 77 20 feindliche
716 1806 48 19 Jäger
774 1806 34 19 auf.
817 1806 37 19 Nach
867 1805 61 19 Absturz
939 1805 27 19 von
981 1805 48 19 dreien

625 1824 56 20 stürzte
694 1824 16 19 es
724 1823 78 20 brennend
820 1823 13 19 in
853 1823 62 20 unseren
939 1822 48 20 Linien
1009 1822 26 19 ab.

628 1842 41 21 Zwei
681 1841 47 20 Mann
742 1841 25 20 der
778 1840 79 20 Besatzung
873 1840 59 20 retteten
946 1840 33 20 sich.

651 1858 81 20 Verbände
746 1859 23 20 der
783 1858 70 20 deutschen
872 1858 78 21 Zuftwaffe
962 1856 73 21 bombar-

626 1876 54 20 dierten
705 1876 88 20 wiederholt
815 1876 22 20 die
861 1876 45 20 Insel
923 1875 59 21 Malta.
1005 1875 26 20 Ein

625 1894 65 21 11-Boot
701 1894 30 20 und
746 1895 19 20 ein
784 1894 137 21 Handelsdampfer
933 1893 61 21 wurden
1009 1892 16 20 ge

626 1912 65 21 troffen,
698 1912 21 20 ein
731 1912 56 20 großer
799 1912 101 21 Motorsegler
911 1911 73 21 versenkt,
992 1911 43 21 mili-

626 1930 61 20 tärische
707 1930 71 20 Gebäude
798 1930 27 20 mit
844 1929 67 20 Bomben
933 1929 50 20 belegt
1002 1929 30 20 und

629 1948 86 20 Flugzenge
727 1948 16 20 am
764 1948 47 20 Boden
826 1948 15 20 in
857 1947 52 20 Brand
919 1947 65 21 gesteckt.
993 1946 42 20 Zwei

628 1966 86 21 Hurricane
729 1966 56 20 murden
802 1966 86 21 vernichtet.

1487 992 223 44 Weltpolitische
1726 992 117 43 Wende

1488 1041 22 21 K.
1512 1040 21 21 H.
1541 1040 28 21 AI3
1580 1040 24 21 der
1615 1040 128 21 Dreimächtepakt
1749 1040 29 21 vor
1785 1041 33 21 noch
1827 1041 39 21 nicht

1462 1060 37 20 ganz
1512 1060 84 19 eineinhalb
1615 1060 57 19 Jahren
1689 1060 108 20 unterzeichnet
1808 1060 60 20 wurde,

1462 1078 15 19 da
1495 1078 56 19 mußten
1571 1079 38 19 wohl
1623 1079 31 19 nur
1666 1079 25 19 der
1709 1078 56 19 Führer
1782 1078 28 19 und
1825 1078 40 19 seine

1463 1097 55 20 engsten
1542 1096 107 20 Mitarbeiter,
1667 1095 39 20 welch
1728 1095 137 20 weltumwälzende

1461 1115 82 20 historische
1555 1114 143 20 Willensäußerung
1713 1114 42 20 darin
1770 1114 39 20 ihren
1824 1113 45 20 doku-

1464 1132 103 20 mentarischen
1582 1132 100 20 Niederschlag
1694 1132 69 20 gefunden
1778 1132 49 20 hatte.
1835 1132 33 20 Wir

1462 1150 57 20 fühlten
1538 1150 59 20 damals
1615 1149 22 20 die
1649 1150 51 20 Größe
1711 1150 25 20 der
1751 1150 66 20 Stunde,
1824 1150 39 20 wenn

1464 1167 31 20 auch
1511 1168 31 20 nur
1555 1168 38 20 gans
1612 1168 56 20 wenige
1680 1168 24 20 die
1720 1168 86 20 Tragweite
1819 1167 46 20 dieses

1463 1186 36 20 über
1513 1186 92 20 Kontinente
1621 1187 84 20 greifenden
1727 1185 144 21 Machtzusammen-

1463 1204 65 19 schlusfes
1543 1204 54 19 geahnt
1608 1204 44 19 haben
1670 1204 65 20 werden.
1746 1204 29 19 Wir
1789 1205 83 20 begriffen,

1465 1222 24 19 daß
1505 1222 28 19 wir
1545 1222 18 19 am
1583 1222 58 19 Beginn
1659 1222 23 19 von
1700 1222 47 19 etwas
1760 1222 37 19 ganz
1809 1223 50 20 Neuem

1464 1241 68 20 standen.
1539 1240 27 20 Als
1579 1240 35 20 aber
1624 1240 36 19 dann
1674 1240 12 19 in
1699 1240 25 19 den
1737 1240 129 21 Novembertagen

1465 1258 25 20 des
1502 1258 31 20 nun
1547 1258 90 20 vollendeten
1654 1258 59 20 Jahres
1724 1258 22 20 die
1758 1258 114 20 Repräsentan-

1465 1276 20 20 ten
1507 1276 25 20 der
1546 1276 99 20 europäischen
1666 1276 30 20 und
1714 1276 98 20 ostasiatischen
1831 1276 41 20 Orö-

1465 1292 107 20 nungsmächte
1582 1293 42 20 einer
1633 1294 66 20 erstaunt
1704 1294 114 21 aufhorchenden
1832 1295 39 20 Welt

1466 1311 132 20 demonstrierten,
1604 1312 41 20 welch
1654 1312 87 20 ungeahnte
1748 1312 122 21 willensmäßige

1465 1331 31 19 und
1507 1331 95 19 militärische
1612 1331 52 19 Kräfte
1674 1331 22 19 sich
1708 1331 51 19 hinter
1768 1331 45 19 diesem
1832 1331 40 19 Ber-

1467 1348 39 19 liner
1518 1348 67 19 Kongreß
1598 1348 150 20 zusammenballten,
1756 1348 16 19 da
1786 1348 31 19 war
1829 1348 44 19 plötz-

1467 1366 25 19 lich
1505 1366 32 19 klar
1548 1366 88 19 geworden,
1648 1366 25 19 daß
1693 1367 12 19 in
1720 1367 47 19 dieser
1780 1367 93 19 Gegenwart

1468 1384 115 20 welthistorische
1595 1384 51 19 Dinge
1655 1384 23 20 sich
1690 1384 82 20 anbahnten
1787 1385 35 20 oder
1831 1385 37 20 schon

1467 1402 88 20 abzulaufen
1567 1402 88 19 begannen,
1660 1402 28 19 wie
1696 1402 21 19 sie
1724 1402 22 19 die
1758 1402 75 20 Geschichte
1841 1404 31 20 nur

1466 1420 45 20 selten
1524 1420 15 20 zu
1554 1420 91 20 verzeichnen
1660 1420 32 20 hat.
1701 1420 59 20 Wieder
1771 1420 56 20 einmal
1839 1421 31 20 war

1467 1439 58 20 sichtbar
1541 1438 86 20 geworden,
1638 1438 31 19 was
1687 1438 25 19 der
1727 1438 42 19 Wille
1784 1438 41 20 eines
1841 1438 34 20 ein-

1468 1457 39 20 aigen
1519 1456 68 20 Mannes
1598 1456 12 19 in
1622 1456 25 19 der
1658 1456 38 19 Welt
1705 1456 80 20 vermochte
1792 1457 28 20 und
1830 1457 41 20 welch

1468 1475 34 20 eine
1511 1474 62 20 geniale
1582 1474 89 20 Konzeption
1685 1474 49 20 seinen
1748 1474 121 21 Ueberlegungen

1469 1492 98 20 entsprungen
1579 1492 40 20 war,
1623 1492 35 20 aber
1668 1493 41 20 auch,
1715 1493 25 20 daß
1751 1493 15 20 es
1776 1493 12 20 in
1800 1493 25 20 der
1834 1493 40 20 Welt

1468 1510 25 20 ihm
1512 1509 142 20 geistesverwandte
1667 1510 70 20 Männer
1754 1511 37 20 gab.
1805 1511 24 20 die
1841 1512 22 20 dem

1470 1529 85 20 Höhenflug
1563 1529 49 20 seiner
1622 1529 76 20 Gedanken
1708 1529 49 20 folgen
1769 1529 60 20 konnten
1844 1529 29 20 und

1468 1546 22 20 sich
1502 1547 91 20 anschickten,
1601 1547 38 20 diese
1652 1547 36 20 Idee
1700 1546 39 20 eines
1750 1546 54 20 großen
1820 1546 55 20 Schöp-

1468 1565 32 19 fers
1509 1565 31 19 und
1551 1565 110 20 Organisators
1671 1565 48 20 sofort
1726 1565 12 19 in
1753 1566 22 19 die
1786 1566 28 20 Tat
1822 1566 53 20 umzu-

1468 1581 52 20 setzen.
1530 1582 36 20 Eine
1575 1582 38 20 neue
1625 1583 107 20 Weltordnung
1746 1584 62 20 zeichnet
1816 1584 22 19 sich
1849 1585 18 19 am

1470 1599 75 20 Horizont
1553 1600 16 19 ab
1580 1601 28 20 und
1618 1601 18 19 ist
1644 1601 12 19 im
1674 1602 61 20 Begriff
1743 1602 133 20 emporzusteigen,

1470 1618 85 20 erfennbar
1566 1618 18 19 am
1604 1618 55 20 Wollen
1676 1619 85 20 derjenigen
1779 1620 65 20 Mächte,
1853 1621 23 20 die

1470 1637 12 20 in
1500 1636 50 20 Berlin
1568 1636 61 20 zigegen
1648 1636 59 20 waren.
1719 1637 35 20 Gine
1767 1637 109 21 Gemeinschaft

1471 1654 156 20 ordnungliebender,
1637 1655 26 20 auf
1674 1655 33 20 ihre
1723 1656 64 20 Zukunft
1799 1656 77 20 bauender

1474 1673 61 20 Staaten
1547 1673 26 20 hat
1583 1673 46 20 damit
1643 1673 25 20 den
1680 1674 55 20 Kampf
1747 1674 42 20 gegen
1804 1674 74 20 Anarchie

1470 1691 30 19 und
1514 1691 72 20 Reaktion
1601 1691 113 20 aufgenommen
1734 1692 28 20 und
1776 1692 98 20 gemeinsame

1471 1709 67 20 Fronten
1550 1709 86 20 geschaffen,
1643 1710 22 19 die
1676 1710 30 19 noch
1717 1710 17 19 am
1752 1710 39 20 Ende
1802 1710 23 19 des
1837 1711 39 20 Jah-

1472 1726 24 20 res
1511 1726 32 20 1941
1554 1727 32 20 ihre
1600 1727 33 20 erste
1648 1727 155 20 Bewährungsprobe
1814 1729 57 20 erleben

1471 1745 28 19 und
1514 1745 62 20 bestehen
1591 1745 60 20 sollten.
1660 1746 44 19 Schon
1717 1746 31 19 sind
1760 1746 38 19 diese
1807 1746 70 19 gewalti-

1471 1763 26 20 gen
1512 1764 77 20 Fronten,
1601 1764 22 19 die
1634 1764 22 19 sich
1674 1764 37 19 über
1723 1764 22 19 den
1764 1764 52 19 ganzen
1833 1764 44 20 euro-

1471 1780 62 20 päischen
1547 1781 28 20 und
1585 1782 38 20 über
1635 1782 38 20 einen
1687 1782 72 20 Großteil
1771 1783 25 19 des
1806 1782 71 20 ostasiati-

1471 1797 36 20 schen
1521 1798 93 21 Kontinents
1626 1799 28 20 und
1666 1800 45 20 weite
1723 1800 60 20 Gebiete
1794 1801 25 20 des
1833 1801 45 20 Pazi-

1471 1817 50 20 fischen
1533 1817 60 20 Dzeans
1604 1817 84 20 erstrecken,
1693 1817 49 20 dabei,
1748 1818 68 21 erstmals
1826 1819 12 20 in
1850 1819 25 20 der

1473 1834 78 21 Geschichte
1572 1835 23 20 den
1620 1836 61 21 dunflen
1706 1837 122 21 Machenschaften
1853 1837 25 20 der

1474 1851 122 22 Stantomünner
1606 1853 144 21 Großbritanniens
1762 1854 29 20 und
1803 1854 25 20 Ser
1840 1854 38 20 Ver-

1473 1870 65 21 einigten
1554 1871 60 20 Staaten
1628 1871 27 20 mit
1663 1871 23 20 den
1701 1872 56 20 Waffen
1769 1872 20 20 ein
1804 1872 75 20 endgülti-

1473 1889 26 20 ges
1511 1889 49 20 Schach
1571 1889 12 19 zu
1598 1889 56 20 bieten.

1502 1906 25 20 Die
1549 1906 80 21 Ereignisse
1650 1908 25 20 des
1693 1908 103 21 vergangenen
1821 1909 56 20 Jahres

1473 1924 45 20 ließen
1542 1925 12 20 in
1577 1925 39 20 ihren
1640 1926 75 20 einzelnen
1736 1926 53 20 großen
1813 1927 66 20 Waffen-

1473 1943 56 20 gängen
1542 1943 23 20 die
1575 1943 23 20 sich
1613 1944 118 21 anfündigenden
1747 1944 79 21 politischen
1844 1946 35 20 Ent-

1471 1961 94 20 scheidungen
1579 1961 29 20 und
1620 1961 22 20 die
1654 1961 76 20 awingend
1742 1962 94 21 notwendige
1850 1963 19 20 In

1473 1977 112 21 angriffnahme
1610 1979 39 20 einer
1676 1980 138 21 Weltneuordning
1838 1981 37 20 schon

1473 1997 82 20 erfenien.
1567 1997 35 20 Noch
1611 1997 35 20 ging
1654 1998 31 20 und
1696 1998 32 20 geht
1737 1999 22 20 der
1769 1999 54 20 Kamps
1830 2000 43 20 gegen

1472 2013 131 21 GGroßbritannien
1625 2015 60 20 weiter,
1699 2016 25 20 der
1743 2016 27 20 vor
1787 2017 34 20 bald
1835 2017 45 20 zwei-

1475 2031 56 20 einhalb
1545 2032 57 20 Jahren
1613 2033 26 20 von
1651 2034 25 20 ihm
1691 2034 84 20 willfürlich
1787 2035 25 20 vom
1829 2035 51 20 Zaune

1473 2049 75 21 gebrochen
1563 2050 59 20 worden
1638 2051 25 20 ist.
1678 2051 39 20 Denn
1735 2052 30 20 nach
1779 2052 29 20 mie
1822 2053 26 20 vor
1863 2053 16 20 ist

1475 2067 45 20 dieses
1533 2068 68 20 Enaland
1612 2069 79 20 Erponent
1700 2070 178 21 jidisch-plutofratischer

1474 2084 28 20 mie
1521 2085 105 22 reaftinnärer
1646 2087 142 21 Regierungsweise
1804 2088 30 20 und
1856 2088 23 20 al8

1475 2104 136 21 Hauptverbrecher
1629 2105 16 20 am
1671 2105 62 20 Frieden
1753 2106 25 20 der
1799 2106 39 20 Welt
1853 2107 16 20 an

1475 2122 70 20 zusehen.
1561 2122 44 20 Zeine
1620 2123 113 21 eigensinchtigen
1749 2124 48 20 Pläne
1809 2124 26 20 auf
1847 2125 25 20 dem

1475 2139 80 20 Festland,
1569 2139 77 20 letztmalig
1667 2140 50 20 autage
1735 2140 63 20 getreten
1820 2141 14 20 in
1856 2142 25 20 der

1475 2156 109 21 Ansliefering
1599 2158 67 20 Europas
1681 2158 15 20 an
1712 2159 23 20 den
1750 2159 132 20 Bolschewismus,

1475 2175 29 20 sind
1525 2175 40 20 dirch
1587 2176 25 20 dns
1632 2176 60 20 schneile
1713 2176 82 21 Zuschlagen
1817 2177 63 21 unserer

1477 2193 92 21 Wehrmacht
1584 2195 25 20 fir
1627 2195 55 20 inmer
1700 2196 93 20 dirchkreist
1808 2196 31 20 und
1858 2196 21 20 die

1477 2211 51 20 Briten
1544 2211 46 20 danit
1602 2212 27 20 ans
1646 2212 58 20 Europa
1717 2213 82 20 vertrichen
1817 2213 65 20 worden.

1475 2228 31 20 A15
1521 2229 15 20 im
1564 2229 67 20 Zommer
1649 2230 25 20 der
1692 2230 50 20 gröste
1762 2231 60 20 Feldaug
1843 2232 36 20 aller

1479 2248 46 20 Zeiten
1539 2248 43 20 gegen
1596 2248 20 20 die
1626 2248 79 20 gewaltige
1717 2249 52 20 Armee
1779 2249 25 20 des
1815 2249 68 20 Bolfche-

1476 2266 64 20 wismis
1555 2267 79 20 ansbrach,
1642 2268 43 20 zeinte
1697 2268 15 19 es
1723 2268 32 20 sich.
1763 2268 25 19 daß
1800 2269 25 19 die
1835 2269 46 19 große

1476 2283 163 22 Aiseinandersehung
1660 2285 52 20 ameier
1730 2286 55 20 Welten
1802 2286 76 20 begonnen

1475 2303 48 20 hatte.
1535 2303 21 19 die
1571 2303 25 19 zum
1619 2303 162 20 Vernichtitngskampf
1794 2303 43 20 gegen
1854 2304 30 20 alle

1476 2320 79 19 chaotifchen
1579 2320 31 19 und
1632 2320 97 20 zeritürenden
1754 2321 65 20 Mächte,
1834 2322 43 20 gegen

1477 2337 78 19 Fudentin
1575 2337 28 19 und
1616 2337 124 20 Bylschemismus
1755 2338 54 20 werden
1825 2339 59 20 muste.

1482 2355 73 20 Schlachten
1574 2355 27 20 von
1614 2356 52 20 bisher
1679 2356 104 20 unbekanntem
1803 2358 79 20 Ausmaße

1476 2373 45 20 leßen
1536 2373 22 20 die
1570 2373 73 20 Ennamif
1653 2373 22 20 der
1684 2373 32 20 hier
1725 2373 159 22 aufeinanderstosen-

1477 2392 23 19 den
1524 2392 52 19 Krüfte
1596 2392 76 20 ermesien.
1694 2392 45 20 Schon
1759 2392 32 20 nach
1814 2393 63 20 menigen

1477 2409 71 20 Monaten
1567 2410 31 20 war
1611 2410 17 20 es
1640 2411 116 20 unbestreitbar,
1766 2411 25 20 daß
1807 2411 25 20 der
1847 2411 37 20 Vol-

1476 2428 94 19 schemismis
1590 2428 24 19 den
1636 2429 57 20 Marich
1712 2429 12 19 in
1748 2429 22 20 den
1792 2429 87 20 Untergang

1477 2447 83 19 ungetreten
1575 2447 34 19 hat,
1620 2447 33 19 aber
1669 2447 41 19 anch,
1719 2447 24 19 das
1760 2448 24 19 der
1797 2448 44 19 Krteg
1856 2449 26 19 auf

1477 2464 24 19 dem
1517 2464 44 20 besten
1574 2465 44 19 Bege
1624 2466 33 19 war
1670 2466 36 19 über
1715 2466 22 19 die
1745 2466 63 19 östlichen
1819 2466 63 19 Geblete

1477 2481 70 20 Éuropas
1562 2482 56 20 binans
1632 2482 19 19 sich
1667 2482 13 19 in
1695 2482 68 19 asiatische
1776 2482 58 19 Rünme
1848 2482 37 19 vor-

1477 2499 88 21 zischieben.
1582 2500 26 20 Die
1619 2500 26 20 auf
1657 2501 23 19 dem
1699 2501 98 20 enropäischen
1812 2501 68 20 Festland

1476 2518 85 20 uotendig
1574 2518 88 20 gewordene
1674 2518 29 20 und
1714 2519 22 20 sich
1748 2519 37 20 sihon
1804 2519 76 20 wesentlich

1477 2538 25 20 dem
1540 2537 42 20 Cnde
1611 2537 76 20 nähernde
1717 2537 163 21 Museinandersetzung

1478 2556 64 20 amischen
1555 2555 22 20 den
1592 2555 102 20 aufhanenden
1706 2555 29 20 und
1749 2555 22 20 den
1784 2555 95 20 destruftiven

1479 2572 64 20 Mächten
1558 2572 41 20 sollte
1610 2572 31 20 also
1652 2572 38 20 nicht
1700 2572 28 20 aif
1738 2572 43 20 diesen
1799 2573 82 21 Kontinent

245 2437 182 26 Spähtruppgefechte
440 2436 14 23 in
467 2436 105 23 Nordafrika

426 2468 48 21 Rom,
479 2467 26 21 31.
514 2466 83 22 Dezember

236 2493 32 20 Das
282 2492 120 20 Hauptquartier
414 2492 24 20 der
449 2490 99 21 italienischen
563 2489 43 21 Wehr

207 2511 46 20 macht
265 2510 24 20 gab
306 2510 17 19 am
344 2508 75 20 Mittwoch
433 2508 74 20 befannt:
518 2507 87 19 Spähtrupp

208 2529 62 21 gefechte
283 2528 17 20 im
322 2527 53 20 Gebiet
394 2527 26 20 von
444 2525 85 20 Agedabia.
547 2525 68 20 Lebhafte

209 2546 148 21 Artillerietätigfeit
367 2545 17 20 an
396 2545 25 20 der
432 2544 69 20 Sollum-
508 2544 31 20 und
550 2543 68 20 Bardia-

207 2565 53 20 front.
277 2565 27 19 Die
325 2564 78 20 Luftwaffe
423 2563 23 20 der
463 2563 39 20 Achse
520 2561 96 21 unterstützte

210 2583 76 20 wetterhin
316 2582 61 20 wirksam
410 2581 22 20 die
458 2580 161 20 Bodenoperationen.

641 2562 82 19 Spähtrupp
740 2561 24 18 aut
778 2561 134 19 Schneeschuhen.
923 2560 42 19 Durch
983 2560 24 19 die
1023 2559 94 19 verschneite
1131 2558 90 19 winterliche
1232 2557 92 19 Landschaft
1332 2557 36 19 geht
1382 2556 14 18 es
1408 2556 50 19 feind-

1318 2574 27 20 PK.
1353 2574 42 20 Wurst
1404 2574 40 20 (Wb.)

640 2578 52 20 wärts,
703 2577 46 20 leicht
763 2577 54 20 gleiten
833 2576 24 20 dio
869 2576 73 20 „Brotter"
956 2575 36 20 Uber
1006 2575 26 20 den
1049 2575 42 20 frisch
1106 2575 85 20 gefallenen
1206 2575 58 19 Schnee
