1965 2718
181 61 394 80 Preis 10 Rpf., auswärts 15 Rpf.
305 177 363 347 ]
429 72 1596 131 DRESDNER MORGENZEITUNG
1033 175 1222 340 itg
672 173 978 339 ei
1395 165 1598 341 n
383 416 980 445 AMTLICHE GAUZEITUNG DER NSDAP.
1086 411 1653 442 AMTLICHES BLATT DER BEHÖRDEN
1718 165 1843 359 J
200 476 475 504 Nr. 1. 12. Jahrgang
1484 463 1853 492 Donnerstag, 1. Januar 1942
256 565 1793 692 Zur Vollendung des Begonnenen
189 743 1862 868 Aufruf des Führers zur Jahreswende
239 918 1816 965 Adolf Hitler an die Wehrmacht, Göring an die Luftwaffe und Raeder an die Kriegsmarine
191 991 1449 1065 Sieghafter Kampf vom Kanal bis Ostasien
1112 1063 1411 1089 Dresden, 31. Dezember 1941
282 1090 1437 1124 In unerschütterlichem Vertrauen auf Adolf Hitler tritt das deutsche Volk in das neue Kriegsjahr. Der Führer erließ zur
208 1116 1437 1155 Jahreswende einen Aufruf, der erfüllt ist von der Zuversicht, daß Front und Heimat auch die bevorstehenden gewaltigen Anforderungen
208 1142 1437 1179 erfüllen werden. Dann soll das Jahr 1942 die Entscheidung bringen zur endgültigen Sicherung unseres Volkes und der mit uns ver
207 1170 1438 1205 bindeten Nationen. In einem Tagesbefehl an die Wehrmacht erklärt der Führer und Oberste Befehlshaber, daß unsere Soldaten die
207 1196 1438 1233 Feinde so lange schlagen werden, bis der Vernichtungswille der jüdisch-kapitalistischen und bolschewistischen Welt gebrochen ist. Reichs-
207 1222 1438 1259 marschall Hermann Göring richtet gleichzeitig einen Tagesbefehl an die Luftwaffe und Großadmiral Raeder einen solchen an die Kriegs-
207 1250 1438 1288 marine. In einem weiteren Aufruf fordert der Reichsmarschall die Heimat auf, ihren Dani an die Wehrmacht in weitere Leistung und
207 1278 1353 1315 selbstlosen Einsatz umzuformen. Noch enger um den Führer geschlossen wollen wir die letzten Bastionen des Feindes nehmen.
617 1321 1033 1347 au kommen, scheiterte teils am Haß derjenigen,
214 1324 611 1353 Der vom Fihrer aus dem Führerhaupt-
617 1338 1034 1364 die im neuen Deutschland ein böses Beifptel
192 1345 610 1370 quartier zum Jahreswechsel erlaffene Aufruf
619 1356 1033 1381 des sosialen Fortschritts sahen, teils an der
192 1368 261 1389 lautet:
619 1373 1033 1397 Habgier jener, die sich von der Rüstung zum
209 1387 372 1412 „Deutsches Volk!
619 1392 1033 1416 Krieg größere Gewinne versprachen al8 von
211 1406 594 1433 Nattonalsosialisten, Nationalfozialistinnen!
621 1410 1035 1434 der Arbeit des Friedens. E8 gibt keinen der
212 1429 354 1450 Parteigenoffen!
621 1427 1035 1451 führenden Staatsmänner in den Ländern, dte
621 1445 1035 1468 für den Ausbruch des Krieges verantwortlich
219 1446 612 1471 Als am 3. September 1939 England und
621 1463 1035 1487 waren, der al8 Inhaber der Aktien der
194 1465 612 1491 Frankreich dem Reiche den Krieg erflärten,
621 1480 1035 1503 Rüstungsindustrie nicht zugleich ein Nutznießer
193 1483 612 1510 geschaß es nicht, um irgendeiner von Deutsch-
619 1499 1035 1522 und deshalb Hauptinteressent am Kriege ist.
193 1500 612 1526 land erhobenen, die Extstenz oder gar die Zu-
621 1517 1037 1540 Und hinter allen steht als treibende Kraft der
193 1520 612 1545 funft dieser Staaten bedrohenden Forderung
621 1535 1037 1559 jüdische Ahasver, der seit Jahrtausenden der
193 1535 612 1562 entgegenzutreten. Denn die einzige Aufforde-
621 1554 1035 1576 ewig gleiche Feind jeder menschlichen Ordnung
195 1554 612 1580 rung, die ich Jahr für Jahr sowohl nach Lon-
621 1571 1037 1594 und damit einer wahren sozialen Gerechtigkeit
196 1572 612 1597 don als auch nach Paris schickte, war die einer
622 1589 1037 1612 ist. Wie wenig berechtigt der Angriff gegen
196 1589 612 1615 Rüstungsbegrenzung und einer Völferner-
622 1607 1037 1631 Deutschland war, geht auch deutlich aus dem
194 1610 612 1634 ständigung. Allein teder deutsche Versuch, mit
621 1625 1038 1648 Fehlen jedes klaren Kriegsgrundes hervor.
195 1625 614 1652 den damals führenden Männern zu einem ver-
195 1643 908 1669 nünftigen friedlichen Ausgleich der Interessen den sie selber angeben fönnten.
1064 1316 1455 1341 Denn warum haben sie nun Deutschland
1043 1335 1455 1358 1939 den Krieg erklärt? „Weil sie in einer Art
1043 1350 1455 1374 von Welt nicht leben wollen, wte wir sie wün-
1044 1369 1455 1394 schen“, plaudert am Kamin der gröste Kriegs-
1043 1388 1456 1413 hetzer unserer Zeit, Herr Roosevelt. Nun hat
1044 1407 1456 1430 die deutsche Welt mit Amertka so wenig zu tun
1044 1424 1456 1448 wie die amerikanische mit un8. Keinem Men-
1046 1442 1456 1467 schen wäre es eingefallen, etwa Frau Roofevelt
1045 1461 1456 1485 einzuladen, nach deutscher Art zu leben, genau
1045 1479 1457 1503 so wie sich das deutsche Volk niemals mit
1045 1496 1457 1520 amerikanischen Prinzipien oder Lebensgrund-
1046 1517 1233 1540 fätzen abfinden wird.
1068 1538 1457 1560 Oder stimmt etwa die Behauptung, daß
1046 1555 1457 1579 England und Franfreich uns den Krieg erklä-
1046 1572 1458 1597 ren mußten, weil wir die Welt erobern woll-
1046 1592 1458 1615 ten? War Danzig die Welt? Aber überhaupt:
1046 1609 1458 1634 wer hat denn nun die Welt erobert? 85 Mil-
1046 1626 1458 1652 lionen Deutschen wurde nicht einmal ein Le-
1046 1646 1458 1669 bensraum von knapp 500 000 Quadratfilometer
1046 1664 1458 1689 zugebilligt. Die von unseren Vorfahren einst
1046 1683 1459 1706 durch Verträge, Kauf oder Tausch erworbenen
1046 1699 1459 1723 Kolonien wurden unter verlogenen Vorwün
1046 1718 1459 1741 den geraubt. Allein 45 Millionen Englünder
1046 1736 1459 1761 dürfen 40 Millionen Quadratfilometer der
1046 1755 1459 1778 Erde beherrschen und haben damit das Recht,
1047 1771 1460 1795 Völker au unterdrücken, von denen allein die
1047 1790 1460 1813 indischen siebenmal mehr Menschen zählen, als
1047 1808 1460 1832 das englische Mutterland selbst Einwohner hat.
1071 1828 1460 1850 Nein! Dieser Krieg wurde begonnen, genau
1047 1843 1460 1868 wie der Krieg 25 Jahre vorher, durch die glei-
1047 1863 1461 1885 chen Männer und aus den gleichen Gründen!
1047 1880 1461 1904 Die jüdisch-angelsächsische Finanzverschwörung
1047 1895 1461 1924 fämpft nicht für irgendeine Demokratie, son
1047 1915 1461 1942 dern durch die Demokratie für ihre kapitalisti-
1047 1935 1461 1958 schen Interessen. Und Herr Roosevelt sucht nicht
1170 1964 1244 1983 Forteetzur
256 1691 982 1738 Planmäßiger Angriff auf Sewastopol
236 1735 1006 1766 Tiefer Einbruch in die stark gepanzerten sowjetischen Verteidigungsanlagen
212 1771 614 1797 Ans dem Führerhauptquartier, 31. Dezember
219 1795 613 1819 Das Oberkommando der Wehrmacht gibt
196 1813 613 1838 bekannt: Unter Zusammenfafsung aller auf der
196 1832 613 1856 Krim verfügbaren deutschen und rumänischen
196 1848 615 1873 Kräfte ist seit dem 17. Dezember der plan
195 1866 615 1891 mäßige Angriff auf die Festung Sewastopol
195 1885 615 1910 im Gange. Trotz heftigster Gegenwehr wurde
195 1903 613 1928 eine große Zahl der zum Teil stark gepanzerten
198 1920 614 1945 fowjetischen Verteidigungslinien in schweren
196 1939 614 1963 Einzelkämpfen genommen und tiefe Einbrüche
196 1957 614 1982 in das feindliche Stellungssystem erzielt. Zur
196 1976 614 1999 Entlastung der Verteidigung von Sewastopol
196 1994 615 2019 hat der Gegner in den letzten Tagen auf der
196 2012 615 2037 Halbinsel Kertsch und bei Feodosia wieder
197 2030 615 2055 stärkere Kräfte gelandet. Die erforderlichen
198 2050 511 2073 Gegenmaßnahmen sind eingeleitet.
222 2070 615 2094 An mehreren anderen Abschnitten der Ost
199 2089 616 2112 front kam es bei strengem Frost zi erbitterten
199 2107 616 2131 Abwehrkämpfen. Schwere Artillerie des Hee-
198 2126 616 2148 res nahm kriegswichtige Anlagen in Leningrad
198 2142 616 2166 unter wirksames Feuer. Die Luftwaffe unter
198 2161 617 2184 stützte vor allem im mittleren Frontabschnitt
198 2177 617 2204 den Abwehrkampf des Heeres durch wirkungs-
198 2197 617 2221 volle Tiefangriffe. An verschiedenen Stellen
199 2216 616 2240 wurde zum Angriff bereitgestellte Infanterie
199 2233 617 2258 und Kavallerie des Feindes unter hohen Ver-
199 2254 366 2277 lusten zerschlagen.
223 2274 616 2298 In Nordafrika erfolgreiche Gefechtstätigkeit
199 2293 618 2316 im Raum ostwärts Agedabia. Bombenangriffe
200 2309 618 2335 gegen Kraftfahrzeugkolonnen, Betriebsstoff-
200 2327 617 2351 und Zeltlager der Briten in der Chrenaika und
200 2347 616 2368 Marmarica riefen starke Brände hervor. Auf
200 2364 618 2388 der Insel Malta wurden mehrere Flugplätze
201 2384 619 2407 und andere militärische Einrichtungen erneut
201 2401 603 2425 von deutschen Kampfflugzeugen angegriffen.
624 1769 1038 1792 Südlich von Agedabia nahm ein italienisches
626 1787 1038 1810 Erfundingsflugzeng den Kampf gegen elf
624 1806 1038 1828 feindliche Jäger auf. Nach Absturz von dreien
625 1822 1038 1845 stürzte es brennend in unseren Linien ab.
625 1840 983 1865 Zwei Mann der Besatzung retteten sich.
647 1857 1038 1881 Verbände der deutschen Zuftwaffe bombar-
625 1875 1039 1899 dierten wiederholt die Insel Malta. Ein
625 1892 1039 1916 11-Boot und ein Handelsdampfer wurden ge
625 1912 1039 1934 troffen, ein großer Motorsegler versenkt, mili-
625 1929 1040 1953 tärische Gebäude mit Bomben belegt und
626 1946 1040 1970 Flugzenge am Boden in Brand gesteckt. Zwei
626 1966 892 1988 Hurricane murden vernichtet.
1485 993 1845 1038 Weltpolitische Wende
1481 1041 1871 1064 K. H. AI3 der Dreimächtepakt vor noch nicht
1458 1060 1871 1082 ganz eineinhalb Jahren unterzeichnet wurde,
1458 1079 1872 1100 da mußten wohl nur der Führer und seine
1458 1097 1872 1118 engsten Mitarbeiter, welch weltumwälzende
1459 1114 1871 1137 historische Willensäußerung darin ihren doku-
1459 1132 1872 1154 mentarischen Niederschlag gefunden hatte. Wir
1459 1150 1872 1172 fühlten damals die Größe der Stunde, wenn
1459 1169 1873 1191 auch nur gans wenige die Tragweite dieses
1460 1186 1873 1207 über Kontinente greifenden Machtzusammen-
1460 1204 1873 1226 schlusfes geahnt haben werden. Wir begriffen,
1461 1223 1873 1244 daß wir am Beginn von etwas ganz Neuem
1461 1241 1874 1264 standen. Als aber dann in den Novembertagen
1461 1258 1874 1281 des nun vollendeten Jahres die Repräsentan-
1462 1276 1874 1298 ten der europäischen und ostasiatischen Orö-
1463 1293 1874 1316 nungsmächte einer erstaunt aufhorchenden Welt
1463 1313 1874 1335 demonstrierten, welch ungeahnte willensmäßige
1464 1331 1874 1351 und militärische Kräfte sich hinter diesem Ber-
1464 1349 1875 1370 liner Kongreß zusammenballten, da war plötz-
1464 1367 1875 1388 lich klar geworden, daß in dieser Gegenwart
1464 1385 1875 1407 welthistorische Dinge sich anbahnten oder schon
1464 1402 1875 1425 abzulaufen begannen, wie sie die Geschichte nur
1465 1421 1875 1442 selten zu verzeichnen hat. Wieder einmal war
1464 1439 1876 1461 sichtbar geworden, was der Wille eines ein-
1465 1456 1876 1479 aigen Mannes in der Welt vermochte und welch
1464 1474 1876 1497 eine geniale Konzeption seinen Ueberlegungen
1465 1492 1876 1514 entsprungen war, aber auch, daß es in der Welt
1466 1511 1876 1534 ihm geistesverwandte Männer gab. die dem
1465 1529 1877 1551 Höhenflug seiner Gedanken folgen konnten und
1466 1546 1877 1568 sich anschickten, diese Idee eines großen Schöp-
1466 1566 1877 1588 fers und Organisators sofort in die Tat umzu-
1467 1583 1877 1606 setzen. Eine neue Weltordnung zeichnet sich am
1467 1600 1877 1624 Horizont ab und ist im Begriff emporzusteigen,
1467 1618 1878 1641 erfennbar am Wollen derjenigen Mächte, die
1467 1638 1878 1660 in Berlin zigegen waren. Gine Gemeinschaft
1469 1655 1878 1678 ordnungliebender, auf ihre Zukunft bauender
1467 1674 1878 1695 Staaten hat damit den Kampf gegen Anarchie
1467 1692 1878 1713 und Reaktion aufgenommen und gemeinsame
1467 1709 1878 1732 Fronten geschaffen, die noch am Ende des Jah-
1469 1727 1879 1750 res 1941 ihre erste Bewährungsprobe erleben
1467 1746 1879 1768 und bestehen sollten. Schon sind diese gewalti-
1468 1764 1879 1785 gen Fronten, die sich über den ganzen euro-
1468 1781 1879 1804 päischen und über einen Großteil des ostasiati-
1469 1799 1879 1822 schen Kontinents und weite Gebiete des Pazi-
1469 1817 1880 1841 fischen Dzeans erstrecken, dabei, erstmals in der
1471 1836 1880 1859 Geschichte den dunflen Machenschaften der
1471 1853 1880 1876 Stantomünner Großbritanniens und Ser Ver-
1469 1871 1880 1895 einigten Staaten mit den Waffen ein endgülti-
1470 1890 1661 1911 ges Schach zu bieten.
1491 1906 1881 1931 Die Ereignisse des vergangenen Jahres
1470 1925 1881 1948 ließen in ihren einzelnen großen Waffen-
1471 1943 1881 1967 gängen die sich anfündigenden politischen Ent-
1470 1962 1881 1985 scheidungen und die awingend notwendige In
1471 1978 1881 2003 angriffnahme einer Weltneuordning schon
1470 1997 1882 2022 erfenien. Noch ging und geht der Kamps gegen
1469 2014 1882 2038 GGroßbritannien weiter, der vor bald zwei-
1469 2032 1882 2055 einhalb Jahren von ihm willfürlich vom Zaune
1469 2049 1882 2074 gebrochen worden ist. Denn nach mie vor ist
1469 2069 1882 2092 dieses Enaland Erponent jidisch-plutofratischer
1471 2086 1882 2111 mie reaftinnärer Regierungsweise und al8
1470 2104 1883 2128 Hauptverbrecher am Frieden der Welt an
1470 2123 1883 2146 zusehen. Zeine eigensinchtigen Pläne auf dem
1470 2139 1883 2163 Festland, letztmalig autage getreten in der
1471 2158 1883 2181 Ansliefering Europas an den Bolschewismus,
1471 2176 1883 2200 sind dirch dns schneile Zuschlagen unserer
1472 2193 1884 2218 Wehrmacht fir inmer dirchkreist und die
1471 2212 1884 2235 Briten danit ans Europa vertrichen worden.
1471 2230 1884 2253 A15 im Zommer der gröste Feldaug aller
1472 2248 1884 2272 Zeiten gegen die gewaltige Armee des Bolfche-
1472 2267 1884 2290 wismis ansbrach, zeinte es sich. daß die große
1472 2284 1885 2307 Aiseinandersehung ameier Welten begonnen
1472 2304 1885 2325 hatte. die zum Vernichtitngskampf gegen alle
1474 2321 1885 2344 chaotifchen und zeritürenden Mächte, gegen
1474 2338 1885 2361 Fudentin und Bylschemismus werden muste.
1474 2356 1885 2379 Schlachten von bisher unbekanntem Ausmaße
1472 2374 1885 2396 leßen die Ennamif der hier aufeinanderstosen-
1474 2393 1886 2414 den Krüfte ermesien. Schon nach menigen
1473 2409 1886 2433 Monaten war es unbestreitbar, daß der Vol-
1474 2428 1886 2451 schemismis den Marich in den Untergang
1473 2447 1886 2469 ungetreten hat, aber anch, das der Krteg auf
1474 2465 1886 2486 dem besten Bege war über die östlichen Geblete
1474 2482 1887 2503 Éuropas binans sich in asiatische Rünme vor-
1474 2500 1887 2522 zischieben. Die auf dem enropäischen Festland
1474 2518 1887 2541 uotendig gewordene und sich sihon wesentlich
1472 2537 1887 2560 dem Cnde nähernde Museinandersetzung
1474 2555 1887 2577 amischen den aufhanenden und den destruftiven
1472 2573 1888 2595 Mächten sollte also nicht aif diesen Kontinent
237 2438 582 2464 Spähtruppgefechte in Nordafrika
422 2467 606 2490 Rom, 31. Dezember
228 2489 617 2514 Das Hauptquartier der italienischen Wehr
203 2508 617 2532 macht gab am Mittwoch befannt: Spähtrupp
205 2526 619 2551 gefechte im Gebiet von Agedabia. Lebhafte
205 2543 619 2568 Artillerietätigfeit an der Sollum- und Bardia-
204 2562 620 2586 front. Die Luftwaffe der Achse unterstützte
204 2580 621 2604 wetterhin wirksam die Bodenoperationen.
638 2556 1460 2581 Spähtrupp aut Schneeschuhen. Durch die verschneite winterliche Landschaft geht es feind-
1310 2575 1448 2596 PK. Wurst (Wb.)
636 2575 1299 2600 wärts, leicht gleiten dio „Brotter" Uber den frisch gefallenen Schnee
